2182 2697
944 60 1160 93 -6-

203 157 291 195 vulgo
316 165 395 185 mare
415 156 580 186 Orissaeum
607 155 668 184 sive
689 153 867 183 Corinthium
893 155 1064 193 appellatur,
1087 155 1224 194 adjacent
1242 155 1314 185 fines
1336 155 1566 193 Thespiensium.
1608 154 1741 192 Quorum
1761 154 1898 199 oppidum

204 216 293 235 unum
313 210 376 235 erat
396 215 433 234 ex
454 205 592 233 Boeotiae
614 204 733 242 oppidis,
756 213 831 242 quae
853 205 932 242 regia
951 207 1096 242 potestate
1117 204 1214 243 aliquo
1237 209 1365 243 tempore
1378 207 1453 242 ,post
1465 204 1572 234 bellum
1586 203 1749 243 Trojanum
1761 204 1917 245 abrogata*

205 255 346 284 communi
367 263 432 283 sese
453 255 664 292 conjunxerant
684 252 801 281 foedere
822 257 852 282 et
873 253 939 290 inde
959 253 1066 282 liberae
1087 253 1211 282 civitatis
1231 254 1324 282 forma
1343 253 1507 282 utebantur.
1539 251 1638 288 Quam
1655 263 1727 282 vero
1740 253 1902 292 nebi-pro-

206 303 295 332 ditum
317 303 361 336 sit,
382 303 458 330 inter
479 311 514 331 ea
535 301 641 339 oppida
661 301 828 338 saepissime
849 301 1039 330 dissensiones
1054 306 1142 339 atque
1155 298 1287 331 dissidiae
1307 303 1512 337 intercessisse,
1533 310 1608 340 quae
1621 301 1661 330 ad
1673 301 1902 331 commun-dan

203 352 250 380 vel
272 351 487 388 deprimendam
507 355 593 387 atque
615 349 766 378 delendam
786 350 872 378 modo
892 350 965 378 hauc
985 349 1069 378 modo
1090 350 1167 379 illam
1187 347 1391 389 rempublicam
1410 352 1601 389 pertinerent,
1622 351 1706 379 facile
1725 351 1901 389 intelligitur,

204 404 234 428 et
264 405 415 427 numerum
446 399 614 436 oppidorum
642 397 759 425 foedere
781 399 948 435 junctorum
968 402 998 426 et
1018 398 1098 432 fines,
1120 409 1208 437 quum
1228 399 1357 434 aliorum,
1378 404 1439 428 tum
1460 400 1682 438 Thespiensium
1702 404 1761 428 non
1787 399 1902 428 eosdem
1923 403 1932 410 ·

206 457 332 485 semper⁴
345 450 400 476 nec
422 451 514 476 certos
536 447 632 474 fuisse.
674 447 791 474 Etenim
813 446 959 484 Thespiae
979 446 1009 474 in
1030 447 1120 475 multo
1141 449 1264 485 majores
1286 457 1356 485 opes
1372 452 1402 476 et
1415 449 1615 477 auctoritatem
1629 449 1728 483 crevit,
1748 452 1903 486 postquam

205 496 373 525 Thebarum
395 496 524 533 potentia
544 494 669 532 superba
690 495 831 523 diminuta
850 495 898 523 vel
918 495 1007 522 fracta
1029 500 1082 523 est.
1125 495 1263 530 Quamvis
1284 496 1372 533 igitur
1393 506 1451 523 non
1472 500 1550 525 certe
1571 496 1688 525 definire
1708 497 1823 534 possim,
1843 505 1903 524 nou

204 549 301 573 tamen
323 546 404 572 nimis
426 554 443 571 a
457 552 526 571 vero
547 544 682 571 aberrare
703 552 749 571 me
771 544 903 571 existimo
924 543 975 570 hos
995 543 1067 571 fines
1089 545 1151 580 agri
1173 544 1359 581 Thespiensis
1381 545 1609 573 constituentem.
1646 545 1714 573 Jam
1728 549 1902 582 compertum

204 594 357 626 habemus,
386 593 438 621 sub
466 591 583 620 meridie
605 591 829 629 Thespiensium
855 591 925 619 fines
951 591 1094 629 attingere
1119 602 1196 621 mare
1218 592 1380 621 Crissaeum
1406 593 1467 620 sive
1488 592 1682 627 Corinthinm3
1704 593 1801 631 ibique
1820 602 1902 631 prae·

204 647 285 670 terea
310 641 347 669 ad
369 641 569 669 Cithaeronem
596 644 724 668 montem
750 644 779 667 et
800 639 984 676 Megarenses
1010 642 1168 677 pertinent3
1195 641 1248 670 sub
1275 651 1359 670 occas
1419 650 1489 669 vero
1515 642 1545 670 in
1566 642 1689 670 confinio
1710 641 1903 670 Phocensium

206 691 486 728 Thespiensiumque
514 689 651 716 altissime
676 698 741 717 sese
768 688 880 716 extollit
900 688 1022 716 Helicon
1049 699 1144 724 mons,
1173 691 1220 728 qui
1250 690 1302 718 sub
1331 690 1525 727 septentrione
1545 694 1658 727 partem
1678 699 1736 718 non
1756 689 1901 721 excelsam

205 744 263 768 tam
288 739 374 776 longe
395 738 515 776 porrigit
537 738 677 765 orientem
698 746 808 771 versus,
830 741 862 764 ut
884 737 956 765 sicut
977 746 1014 765 ex
1035 738 1090 766 illis
1112 738 1223 767 duabus
1239 739 1368 777 partibus
1384 743 1413 766 et
1426 739 1471 767 hic
1486 748 1602 777 quoque
1616 739 1692 767 inter
1705 738 1901 776 Thespienses

204 793 234 816 et
254 788 409 816 Haliartios
432 786 649 824 'I'hebanosque
682 790 786 815 natura
811 787 867 815 sint
891 786 963 814 fines
985 788 1141 816 constituti.
1184 788 1244 817 Sub
1266 764 1488 817 ozia-“fflh‘futem
1508 797 1566 816 non
1587 791 1645 816 tam
1665 788 1738 816 firmi
1757 791 1825 816 sunt
1845 791 1900 815 ter-

205 838 280 870 mini,
302 845 427 873 namque
448 835 536 864 colles
557 835 660 864 leniter
683 835 804 864 acclives
825 844 919 873 neque
939 835 979 863 ita
1000 836 1059 870 alti,
1081 837 1118 865 ab
1139 836 1279 865 Helicone
1300 842 1448 872 exeuntes,
1469 836 1621 865 humilibus
1642 836 1830 871 Cithaeronis,
1852 837 1902 874 qui

204 886 308 922 objecti
335 890 416 918 sunt,
445 885 567 913 saltibus
590 889 743 913 occurrunt
769 889 799 912 et
826 885 932 921 campis
958 884 1051 921 planis
1077 890 1107 913 et
1128 885 1213 923 paulo
1234 885 1320 914 latius
1341 887 1504 924 patentibus
1525 887 1649 924 spatium
1668 887 1743 914 inter
1765 894 1797 914 se
1817 885 1900 914 relin-

204 938 304 971 quunt.
348 935 389 961 At
409 934 464 961 hoc
485 938 582 962 tamen
603 934 689 961 statui
710 937 813 971 potest,
837 933 1060 970 Thespiensium
1080 934 1152 962 fines
1173 943 1208 962 ea
1230 944 1267 962 ex
1281 939 1363 972 parte
1384 935 1514 963 desinere
1534 935 1565 962 in
1579 944 1680 972 agrum
1695 934 1901 963 Thebanorum

202 988 231 1011 et
252 983 476 1011 Plataeensium.
1415 975 1417 977 ‚

351 1032 473 1060 Finibus
499 1033 598 1069 igitur,
621 1031 715 1069 quoad
736 1032 800 1068 ejus
821 1031 883 1059 fieri
903 1031 1004 1069 potuit,
1027 1032 1248 1069 circumscriptis
1269 1032 1395 1061 locorum
1416 1036 1547 1061 naturam
1567 1032 1789 1070 explorabimus.
1830 1031 1899 1060 Jam

202 1091 291 1119 supra
319 1082 491 1117 memoravi,
518 1081 665 1109 Heliconis
692 1085 721 1108 et
742 1080 921 1108 Cithaeronis
949 1080 1039 1107 saltus
1065 1081 1095 1108 in
1117 1081 1339 1118 Thespiensium
1365 1090 1435 1118 agro
1457 1082 1547 1115 coire,
1574 1080 1753 1109 Cithaeronis
1774 1080 1898 1118 quidem,

203 1131 253 1167 qui
274 1131 302 1158 in
325 1130 503 1158 Corinthium
523 1138 602 1157 mare
624 1129 772 1166 prominet,
795 1129 902 1166 exigua
923 1138 960 1157 ex
975 1133 1073 1166 parte3
1096 1130 1247 1157 maximam
1267 1138 1336 1157 vero
1358 1134 1468 1167 partem
1488 1130 1610 1159 Helicon
1632 1130 1695 1167 ejus
1709 1129 1834 1166 regionis
1848 1138 1898 1156 na-

202 1183 295 1205 turam
322 1187 356 1205 ac
382 1177 501 1205 formam
529 1176 623 1204 efficit.
666 1177 696 1204 Is
724 1177 798 1204 enim
825 1185 907 1203 mons
935 1185 1022 1213 quum
1050 1177 1203 1205 altissimus
1231 1178 1267 1206 sit
1294 1183 1324 1205 et
1348 1179 1500 1215 plurimum
1527 1178 1593 1205 anni
1615 1182 1728 1215 tempus
1749 1178 1845 1206 nivem
1869 1178 1899 1205 in

201 1226 396 1255 cacuminibus
421 1225 526 1253 habeat
553 1229 581 1253 et
608 1225 671 1262 ejus
693 1225 766 1262 juga
790 1228 907 1262 praeter
934 1229 1044 1253 ceteros
1067 1225 1205 1255 Graeciae
1231 1231 1342 1255 montes
1355 1224 1377 1264 ⁸)
1405 1227 1483 1255 silvis
1513 1227 1569 1254 siut
1590 1230 1677 1260 tecta,
1699 1226 1782 1261 facit,
1803 1229 1837 1253 ut
1856 1226 1898 1253 in-

201 1276 394 1304 numerabiles
415 1275 510 1303 fontes
526 1279 556 1302 et
577 1275 630 1302 rivi
652 1284 689 1302 ex
709 1274 764 1301 illis
784 1274 938 1311 profluant,
959 1275 988 1302 in
1009 1275 1100 1303 valles
1122 1275 1237 1303 humum
1257 1276 1424 1313 frugiferam
1445 1275 1601 1309 deducant,
1623 1285 1738 1313 campos
1756 1275 1898 1303 uberrime

200 1325 321 1362 irrigent
341 1324 388 1352 vel
409 1325 516 1362 passim
537 1325 623 1352 etiam
645 1323 799 1361 paludosos
820 1323 949 1351 reddant.
991 1322 1114 1351 Omnino
1135 1323 1274 1357 Helicon,
1298 1324 1347 1361 qni
1369 1324 1422 1351 sub
1444 1333 1548 1352 occasu
1561 1323 1714 1357 Parnasso,
1736 1324 1825 1351 monti
1839 1323 1897 1351 alto

200 1379 229 1403 et
249 1375 372 1403 maxime
395 1374 506 1408 declivi,
530 1374 661 1411 objectus
688 1377 732 1402 est
753 1373 789 1401 ab
811 1382 903 1410 eoque
925 1377 1073 1411 separatur
1093 1372 1226 1400 Platania
1246 1372 1375 1407 flumine,
1399 1373 1451 1401 sub
1477 1373 1675 1411 septentrione
1694 1373 1724 1400 in
1745 1372 1897 1410 planitiem,

202 1434 289 1461 quam
310 1423 468 1461 Cephissus
493 1423 602 1451 flumen
622 1423 738 1460 perfluit
759 1427 788 1450 et
809 1423 888 1450 lacus
910 1422 1014 1460 Copais
1034 1423 1159 1450 maxima
1185 1432 1222 1450 ex
1250 1427 1331 1459 parte
1353 1424 1494 1460 contegit,
1517 1423 1588 1461 satis
1608 1432 1713 1460 magna
1734 1422 1896 1450 declivitate

200 1471 282 1505 redit,
305 1472 445 1499 orientem
466 1480 568 1498 versus
590 1480 608 1498 a
630 1470 804 1498 Cithaerone
827 1469 929 1504 Oeroe,
952 1480 1041 1507 parvo
1063 1470 1165 1504 fluvio,
1188 1471 1330 1504 dividitur,
1353 1476 1382 1498 et
1403 1471 1456 1498 sub
1477 1471 1595 1499 meridie
1617 1471 1795 1499 Corinthium
1815 1480 1895 1498 mare

202 1521 258 1549 alte
280 1521 425 1558 prospicit,
448 1529 537 1558 quum
558 1519 752 1557 compluribus
775 1529 812 1547 ex
834 1520 969 1557 partibus,
992 1529 1051 1547 non
1072 1524 1168 1548 tamen
1183 1528 1219 1547 ex
1235 1520 1307 1547 serie
1320 1520 1368 1548 vel
1382 1520 1596 1548 continuatione
1610 1520 1755 1554 montium,
1776 1523 1896 1552 constet,

201 1579 275 1607 quae
303 1574 332 1596 et
359 1569 424 1596 olim
451 1572 481 1596 et
507 1578 584 1596 nunc
606 1568 726 1605 singulis
748 1561 912 1596 nominibus
933 1569 1122 1606 appellantur,
1144 1570 1173 1596 in
1190 1569 1413 1605 Thespiensium
1433 1569 1536 1597 finibus
1557 1573 1616 1596 tres
1638 1569 1816 1606 potissimum
1830 1578 1894 1606 par-

200 1624 245 1645 tes
273 1622 377 1645 natura
403 1618 478 1645 inter
504 1627 535 1645 se
563 1617 763 1655 discrepantes
790 1617 885 1646 habet.
929 1617 1057 1652 Quarum
1078 1618 1169 1655 prima
1190 1618 1242 1646 sub
1265 1628 1383 1646 occassu
1404 1627 1498 1656 usque
1524 1617 1560 1646 ad
1587 1626 1666 1647 mare
1686 1617 1832 1654 pertinens
1857 1617 1896 1645 al—

200 1667 309 1694 tissima
321 1664 357 1702 ⁴),
384 1667 507 1694 maxime
534 1666 658 1703 abrupta
685 1671 714 1694 et
740 1667 819 1694 invia
846 1671 898 1694 est.
942 1667 1038 1695 Tanta
1064 1671 1160 1695 autem
1186 1667 1349 1695 acclivitate
1370 1671 1400 1695 et
1420 1667 1576 1704 asperitate
1597 1670 1665 1694 sunt
1684 1667 1740 1694 ista
1759 1666 1836 1700 loca,
1864 1671 1897 1694 ut

201 1724 238 1741 ne
265 1715 433 1742 florentibus
459 1715 574 1752 quidem
595 1715 771 1742 Boeotorum
798 1715 884 1743 rebus
912 1716 1030 1752 publicis
1052 1716 1246 1753 frequentiora
1267 1720 1297 1744 et
1318 1716 1496 1754 expeditiora
1516 1715 1636 1749 fuerint,
1659 1724 1824 1743 nunc-vero
1845 1716 1894 1743 vix

200 1763 357 1790 incolarum
379 1763 441 1800 quis
463 1763 582 1790 accedat
603 1773 638 1791 ea
649 1761 682 1799 ⁵).

350 1811 398 1839 Ex
424 1811 468 1839 his
495 1811 564 1839 locis
591 1812 676 1839 inviis
702 1816 790 1849 atque
812 1811 931 1840 desertis
953 1813 1027 1841 inter
1054 1813 1277 1850 septentrionem
1298 1818 1328 1842 et
1349 1814 1488 1842 orientem
1508 1822 1610 1842 versus
1631 1812 1821 1850 proficiscenti
1840 1813 1897 1841 iter

200 1860 346 1897 intercipit
367 1860 450 1887 vallis
470 1860 558 1897 longa
578 1865 607 1888 et
627 1861 757 1897 praealta
778 1860 989 1898 decurrensque
1010 1863 1040 1890 in
1062 1863 1199 1890 orientem
1219 1872 1329 1897 versus,
1351 1867 1439 1900 atque
1453 1862 1525 1890 haec
1539 1861 1611 1890 duas
1625 1861 1771 1889 Heliconis
1792 1862 1897 1890 montis

199 1912 297 1944 partes
319 1912 443 1945 separat.
486 1908 599 1936 Nomen
620 1913 715 1937 autem
736 1910 825 1937 traxit
846 1919 864 1937 a
884 1909 1003 1947 Zagora,
1025 1912 1089 1938 vico
1111 1920 1187 1939 nunc
1207 1911 1247 1939 ibi
1267 1912 1360 1948 posito
1373 1909 1410 1947 ‘);
1433 1911 1596 1938 continetur
1610 1910 1663 1938 sub
1678 1910 1794 1939 meridie
1807 1911 1894 1948 longo

194 1956 267 1992 jugo
294 1956 399 1984 montis
425 1955 526 1985 eodem
552 1961 640 1994 atque
665 1958 720 1986 vici
746 1959 860 1986 nomine
887 1962 916 1986 et
942 1958 1040 1989 eadem
1066 1960 1156 1987 ferme
1181 1959 1343 1994 altitudine,
1366 1968 1424 1998 qua
1444 1960 1626 1992 altissimum,
1644 1959 1706 1995 jam
1728 1968 1814 1997 supra
1834 1968 1892 1987 me-

345 2107 366 2137 ³)
384 2108 527 2133 Pausaniae
543 2110 660 2142 descript.
696 2111 817 2136 Graeciae
834 2110 953 2136 1.1x.28.
988 2111 1047 2143 (763
1064 2112 1097 2137 ad
1114 2112 1166 2143 fin.)

347 2147 527 2178 ⁴)A1titudine
558 2152 624 2175 enim
643 2154 691 2188 *est
717 2152 816 2178 circiter
842 2154 954 2185 quinque
981 2154 1087 2178 millium
1113 2154 1277 2184 ducentorum
1303 2154 1488 2186 quinquaginta
1510 2153 1614 2185 pedum,
1641 2154 1673 2178 ef.
1702 2154 1780 2179 tabul.
1807 2162 1895 2186 geogr.

199 2190 386 2219 Parisiensem,
411 2190 455 2214 ubi
485 2198 539 2215 eam
565 2192 718 2223 appellatam
743 2194 856 2218 invenie·
887 2195 988 2219 nomine
1012 2196 1107 2219 recenti
1129 2195 1328 2220 Palaeo-vouna
1356 2195 1465 2226 (veteres
1490 2202 1547 2219 eam
1571 2202 1621 2219 non
1646 2195 1766 2228 singulari
1795 2196 1896 2220 nomine

197 2229 366 2259 appellavisse
383 2229 520 2260 videntur).
756 2247 762 2250 κ
1046 2260 1050 2264 ,

345 2268 366 2299 5)
385 2269 540 2301 Χειιορδοιιι.
557 2271 657 2296 Hellen.
675 2273 718 2296 Vl.
736 2272 759 2298 4.
777 2273 801 2298 3.
836 2275 864 2298 L.
883 2275 956 2299 Rosa.
975 2275 1186 2308 Konigs-Reisen.
1222 2275 1249 2300 ll.
1270 2274 1318 2299 195
1328 2283 1347 2299 s.

344 2309 365 2338 ὃ)
384 2311 424 2334 W.
448 2311 516 2340 Gell,
538 2312 661 2344 Itinerary
683 2314 712 2338 ot
735 2314 830 2339 Graece
853 2323 877 2346 p.
893 2314 947 2339 122.
983 2316 1065 2341 Thero
1087 2318 1109 2340 is
1138 2324 1154 2341 a
1175 2316 1270 2348 village
1292 2317 1375 2341 called
1396 2317 1494 2349 Zagora
1519 2318 1545 2341 in
1567 2317 1610 2342 the
1631 2323 1698 2348 pass.
1718 2317 1782 2341 Ross
1805 2318 1893 2342 scribit

194 2350 333 2382 „Zagaraf‘
369 2351 406 2376 Cf.
425 2354 502 2376 etiam
520 2353 598 2378 tabul.
616 2361 701 2387 geogr.
719 2357 853 2386 parisiens.
