2182 2697
961 57 1176 89 -3-

218 154 366 183 Heliconis
393 156 468 192 parti
494 155 568 183 fines
589 155 665 183 facit.
706 153 826 182 Effusas
847 155 923 183 enim
943 164 979 183 ex
1000 155 1050 182 illa
1070 155 1145 183 valle
1166 154 1322 183 secundum
1344 153 1481 185 montium
1502 154 1612 184 radices
1633 156 1708 186 inter
1729 157 1871 189 orientem.
1887 161 1916 186 et

223 203 370 232 meridiem
397 213 512 232 cursum
539 204 648 241 dirigit,
674 207 735 231 tum
764 212 837 232 vero
861 213 920 232 non
946 204 986 231 ita
1010 213 1146 241 magnum
1171 203 1295 241 spatium
1316 202 1465 241 perlapsus
1486 202 1593 240 angulo
1613 207 1699 233 muto
1720 205 1917 246 effecto‘yinter

220 252 366 280 meridiem
391 257 421 280 et
446 262 580 281 occasum
607 252 643 280 ad
668 261 748 280 mare
773 252 867 280 tendit
894 254 924 281 et
948 253 990 280 ita
1013 252 1100 281 'etiam
1125 252 1245 289 primam
1266 262 1284 281 a
1304 252 1389 280 tertia
1408 255 1490 290 parte
1510 251 1644 289 sejungit.
1668 253 1843 284 'Pi-aetem.
1862 255 1916 286 sub

219 302 413 338 septentrione
444 310 562 339 quoque
588 301 659 328 haec
685 302 771 328 tertia
787 310 864 338 ‚pars
890 302 1054 329 continetur
1085 301 1141 328 alio
1168 300 1283 328 flumine
1309 305 1339 328 et
1356 300 1493 338 planitie.
1536 299 1616 338 ,ΙΨ
1637 306 1736 331 autem
1758 296 1847 341 hujus
1870 313 1915 333 ra·

218 350 312 386 gionis
345 358 404 377 non
436 359 542 387 magna
572 348 723 377 altitudine
753 354 838 383 suun
870 359 905 378 ea
936 350 1031 387 potius
1057 348 1135 378 dicas
1161 348 1248 376 colles
1265 349 1427 377 -redeuntes
1453 349 1483 377 in
1504 349 1660 387 apertiore·
1685 353 1716 378 et
1739 352 1916 388 patentiores

219 408 344 435 campos.
392 398 485 426 Paulo
520 399 628 434 majore
659 402 757 426 tamen
782 398 931 426 altitudine
957 402 987 426 et
1007 399 1166 426 acclivitate
1187 401 1232 425 est
1257 397 1281 425 is
1307 398 1445 426 montium
1471 402 1597 432 tractus,
1628 399 1679 437 qui
1708 397 1804 429 Oeroe
1827 401 1916 430 fluvio

218 446 411 474 interlabente
433 446 598 474 Cithaeroni
625 447 750 474 occurrit
771 451 859 483 atque
879 447 1012 484 imprimis
1041 447 1090 484 qui
1111 445 1277 473 Korombile
1303 455 1379 474 nunc
1401 447 1562 483 appellatus
1582 447 1914 487 altum*promoutorium

219 496 248 523 in
269 505 349 524 mare
369 495 489 533 porrigit
504 492 546 532 ¹³).

370 544 466 578 Quum
488 548 584 572 autem
605 545 712 579 omnis,
735 554 821 581 quam
841 544 1085 582 perlustravimus,
1108 545 1187 581 regio
1208 543 1361 577 montibus,
1383 548 1413 571 et
1433 545 1467 572 iis
1488 543 1641 573 maximam
1661 550 1773 583 partem
1795 547 1915 581 silvosis,

221 593 257 620 sit
284 596 429 626 contecta,
456 591 535 620 haud
555 593 673 627 mirum,
702 602 765 621 eam
791 593 918 621 fontibus
946 601 1062 630 quoque
1088 597 1118 621 et
1144 593 1213 620 rivis
1233 591 1388 620 abundare.
1412 592 1543 628 *Majora
1564 593 1639 621 enim
1659 593 1776 622 flumina
1796 599 1916 632 propter

218 643 305 670 maris
332 641 509 670 vicinitatem
534 642 585 670 vix
613 642 689 670 effici
713 646 844 680 possunt.
887 642 945 671 Sed
971 646 1000 670 et
1027 641 1135 676 fontes,
1164 635 1254 676 rivos}
1276 650 1439 679 parvosque
1459 640 1562 670 fluvios
1583 638 1825 679 investigabimus.
1867 644 1916 672 De

218 692 404 727 Hippocrene
430 695 460 717 et
487 691 643 727 Aganippe
668 692 756 718 sacris
782 691 924 724 fontibus,
956 700 1015 718 non
1041 691 1162 718 multum
1188 691 1262 718 inter
1290 699 1320 718 se
1348 690 1534 723 distantibus,
1558 691 1621 727 jam
1647 697 1844 721 memoratum·
1860 698 1912 721 est.

219 739 328 766 Eorum
356 747 450 776 aquae
475 739 506 766 in
533 739 637 766 vallem
662 739 853 776 propinquam
878 739 987 766 effusae
1007 739 1163 766 miscentur
1183 739 1285 772 fluvio,
1308 747 1392 775 quem
1413 738 1540 775 undique
1560 739 1614 765 rivi
1635 743 1665 766 et
1686 739 1780 767 fontes
1801 745 1912 777 petunt.

219 788 287 816 Non
307 788 414 825 injuria
435 788 614 825 suspicamur
634 797 699 816 eum
719 787 837 816 fluvium
858 797 922 816 esse
943 787 1125 816 Permessum
1147 788 1208 815 sive
1231 787 1430 821 Termessum3
1452 796 1518 815 nam
1540 787 1670 825 quamvis
1684 788 1788 816 Strabo
1803 788 1914 817 duobus

217 837 288 864 locis
310 836 494 863 disertissime
515 836 650 869 declaret,
671 837 855 864 Permessum
870 834 903 872 ¹⁴)
924 836 1056 864 Haliarto
1078 836 1182 873 oppido
1204 837 1328 864 vicinum
1354 841 1383 864 et
1404 846 1469 864 cum
1489 830 1583 864 Glmio
1600 838 1734 873 junctum
1759 838 1790 865 in
1810 838 1912 876 Copai-

218 884 282 912 dem
316 883 410 911 lacum
434 883 566 917 influere,
595 889 691 912 tamen
716 884 783 913 huic
809 886 919 921 auctori
944 885 997 912 hac
1023 886 1054 912 in
1082 894 1113 917 re
1133 885 1271 912 minorem
1292 884 1421 912 dabimus
1441 884 1534 919 fidem,
1557 894 1645 922 quum
1665 894 1731 912 eum
1750 885 1843 922 ipsum
1864 886 1913 914 illa

218 933 281 961 loca
308 942 366 960 non
387 933 593 970 perquisivisse
615 938 741 968 constet,
768 939 798 962 et
818 934 874 962 loci
894 938 997 961 natura
1018 934 1266 970 recentiorumque
1288 933 1465 970 cognitiones
1486 942 1550 961 cum
1572 943 1606 962 eo
1627 933 1801 971 discrepent.
1844 934 1913 963 Per-

218 991 341 1009 messum
362 982 450 1018 igitur
471 982 647 1018 appellamus
669 992 735 1010 eum
755 983 881 1016 fluvium,
904 983 986 1020 cujus
1008 992 1123 1010 cursum
1140 983 1202 1019 jam
1223 983 1383 1010 accuratius
1404 982 1598 1010 indicavimus.
1641 982 1734 1020 quue
1753 978 1914 1011 Pausanias

219 1040 334 1088 quoque
360 1029 485 1068 probare
513 1029 641 1064 videtum
669 1031 715 1059 hic
736 1032 825 1060 enim.
854 1027 906 1061 Ἐν
924 1026 1063 1060 Ἑλικῶνι
1085 1029 1135 1067 δὲ,
1162 1031 1267 1068 inquit,
1294 1026 1377 1069 πρὸς
1403 1026 1438 1060 τὸ
1466 1028 1562 1063 ἄλσος
1583 1027 1664 1060 ἰόντι
1684 1029 1747 1060 τῶν
1768 1029 1914 1060 Μουσῶν

217 1078 252 1110 ἐν
265 1075 419 1118 ἀριστερᾷ
440 1078 499 1116 μὲν
519 1073 538 1119 ἦ
552 1074 724 1121 Ἀγανίππη
747 1077 842 1121 πηγή·
864 1081 1025 1118 θυγατέρα
1048 1078 1084 1109 δὲ
1106 1075 1186 1110 εἶναι
1207 1075 1263 1121 τὴν
1275 1075 1465 1121 Ἀγανίππην
1486 1078 1542 1110 τοῦ
1558 1078 1754 1121 Περμησσοῦ
1774 1079 1910 1118 λέγουσι

218 1125 272 1167 ῥεῖ
292 1128 328 1158 δὲ
349 1128 404 1157 καὶ
425 1138 517 1161 ουτος
539 1124 556 1157 ὁ
579 1125 771 1169 Περμησσὸς
793 1129 872 1167 περὶ
892 1126 948 1159 τὸν
965 1125 1115 1159 Ἑλικῶνα
1134 1129 1181 1166 ¹⁵)3
1204 1135 1292 1167 atque
1313 1130 1383 1157 hacc
1404 1131 1563 1167 posteriora
1583 1130 1673 1158 verba
1698 1131 1820 1158 maxime
1848 1140 1914 1158 con-

219 1179 340 1206 veniunt
365 1178 412 1212 iis,
440 1188 515 1215 quae
544 1178 579 1206 de
606 1188 692 1207 cursu
718 1183 748 1207 et
773 1179 852 1207 flexu
870 1179 1013 1207 Permessi
1040 1188 1128 1216 supra
1149 1183 1216 1206 sunt
1237 1179 1378 1216 exposita.
1420 1178 1578 1207 Praeterea
1598 1179 1752 1216 Aganippe
1772 1178 1914 1207 Permessi

220 1228 322 1255 dicitur
348 1227 414 1260 filia,
444 1227 472 1254 id
499 1227 578 1264 quod
603 1228 713 1256 fontem
742 1238 806 1256 cum
833 1229 920 1256 fluvio
945 1230 1078 1265 junctum
1099 1237 1163 1256 esse
1184 1227 1309 1256 indicare
1331 1228 1444 1256 videtur
1464 1228 1517 1261 ita,
1545 1232 1577 1256 ut
1597 1228 1751 1265 Aganippe
1772 1227 1915 1256 Permessi

220 1277 256 1303 sit
277 1276 351 1309 fons,
374 1275 419 1302 vel
438 1276 610 1312 ‘Aganippes
632 1285 725 1313 aquae
739 1277 923 1304 effundantur
936 1278 966 1304 in
981 1277 1095 1304 alveum
1109 1276 1259 1309 Permessi,
1282 1277 1331 1313 qui
1345 1276 1540 1312 magnitudine
1561 1280 1591 1304 et
1612 1277 1640 1303 vi
1654 1277 1782 1313 superior
1795 1282 1916 1313 paterna

219 1326 301 1361 quasi
329 1325 447 1352 caritate
473 1324 559 1352 filiam
586 1325 704 1362 recipiat
729 1330 759 1353 et
784 1330 887 1353 servet.
929 1326 977 1354 Ex
1003 1325 1047 1353 his
1075 1329 1171 1354 autem
1192 1325 1261 1353 locis
1282 1325 1369 1352 fluvio
1392 1325 1428 1352 ad
1450 1313 1606 1362 Copaidein
1626 1324 1719 1353 lacum
1740 1325 1835 1353 exitus
1856 1334 1915 1352 non

218 1379 269 1400 est.
314 1372 399 1400 Haud
415 1373 500 1400 dubie
514 1374 673 1401 itemtidem
696 1373 806 1402 Olmius
828 1383 864 1401 ex
886 1375 986 1402 vicinis
1003 1375 1082 1411 jugis
1101 1372 1234 1409 (fortasse
1249 1383 1286 1402 ex
1301 1374 1580 1414 septentrionalibus,
1603 1374 1678 1402 unde
1693 1374 1810 1411 profluit
1824 1374 1914 1409 rivus)

217 1423 245 1449 in
266 1421 449 1449 Permessum
470 1422 574 1458 erupit.
618 1422 730 1457 Quibus
753 1422 900 1451 addendus
922 1427 966 1450 est
987 1423 1093 1449 Lamus
1114 1422 1234 1455 fluvius,
1256 1423 1338 1458 cujus
1359 1422 1518 1450 Pausanias
1546 1422 1624 1450 solus
1650 1423 1822 1450 mentionem
1847 1422 1916 1449 facit

218 1471 261 1498 his
284 1480 353 1498 usus
375 1470 471 1498 verbis
487 1468 535 1507 '‘):
560 1466 634 1500 Ἐπὶ
663 1470 698 1500 δὲ
727 1469 808 1511 ἄκρᾳ
835 1469 875 1512 τῇ
895 1470 1021 1511 κορυφῇ
1044 1469 1100 1500 τοῦ
1120 1465 1283 1503 Ἑλικῶνος
1303 1466 1449 1507 ποταμὸς
1470 1466 1507 1499 οὗ
1529 1471 1625 1508 μέγας
1645 1467 1733 1500 ἐστὶν
1754 1465 1771 1499 ὅ
1792 1467 1913 1507 Λάμος.

217 1519 356 1553 Quamvis
378 1528 415 1546 ex
436 1518 480 1546 his
501 1520 597 1547 verbis
618 1521 667 1547 vix
689 1520 796 1558 aliquid
818 1521 888 1548 certi
909 1521 1005 1557 colligi
1026 1524 1057 1548 et
1073 1521 1160 1548 statui
1174 1521 1273 1556 possit,
1296 1524 1391 1547 tamen
1405 1520 1527 1547 fortasse
1541 1529 1598 1547 non
1613 1521 1716 1556 injuria
1730 1520 1914 1557 suspicamur,

221 1569 340 1596 Lamum
367 1577 458 1605 prope
479 1568 626 1596 Musarum
652 1569 747 1597 lucum
774 1569 926 1598 decurrere
953 1579 989 1597 ex
1013 1570 1085 1606 jugo
1113 1569 1170 1597 illic
1195 1569 1318 1597 maxime
1339 1568 1428 1602 edito,
1457 1572 1487 1596 et
1514 1568 1658 1596 meridiem
1679 1577 1780 1596 versus
1801 1572 1915 1606 praeter

218 1618 315 1644 vicum
337 1617 489 1649 desertum,
512 1619 557 1645 cui
579 1618 691 1646 Tateza
712 1620 773 1647 sive
788 1619 893 1647 Tatazi
914 1628 1015 1647 recens
1036 1627 1140 1646 nomen
1162 1622 1214 1652 est,
1237 1617 1380 1646 labentem
1401 1617 1516 1645 tandem
1536 1618 1565 1645 in
1586 1617 1767 1645 Permessum
1787 1617 1913 1646 influere.

216 1666 262 1693 Ea
275 1669 372 1696 autem
387 1665 457 1698 loca,
481 1666 583 1703 quibus
598 1667 779 1695 Pei-messum
793 1668 916 1704 attingit,
939 1671 1005 1695 sunt
1019 1666 1158 1704 paludosa
1173 1667 1245 1694 sicut
1265 1667 1329 1703 ejus
1343 1667 1433 1704 ipsius
1446 1667 1545 1700 vallis3
1568 1666 1736 1703 quibuscum
1749 1666 1912 1694 Pausaniae

218 1715 369 1752 sequentia
389 1715 478 1742 verba
500 1717 697 1744 consentiunt:
722 1716 890 1746 Θεσπιέων
911 1714 947 1746 δὲ
967 1712 1001 1745 ἐν
1023 1714 1061 1756 τῇ
1083 1713 1121 1756 γῇ
1135 1712 1288 1745 Δονακών
1307 1712 1392 1745 ἐστιν
1407 1710 1649 1752 ὀνομαζόμενος.
1685 1714 1757 1743 Inde
1772 1724 1840 1743 vero
1856 1724 1914 1743 non

217 1765 280 1791 elici
301 1773 387 1801 posse
408 1764 475 1791 mihi
497 1764 611 1792 videtur
631 1766 818 1793 Donaeonem
840 1766 927 1793 fuisse
948 1767 1050 1799 vicum,
1073 1769 1106 1793 ut
1128 1765 1242 1802 quidam
1263 1769 1439 1802 putaverunt
1455 1763 1496 1801 ¹⁷),
1518 1764 1570 1793 sed
1584 1765 1678 1801 colligi
1692 1764 1795 1802 potius,
1817 1764 1913 1792 Dona—

218 1822 317 1840 conem
348 1812 508 1849 significare
537 1813 630 1842 locum
658 1815 705 1842 vel
733 1815 836 1843 vallem
860 1814 1028 1852 paludosam
1050 1818 1138 1852 atque
1159 1813 1345 1842 arundinibus
1367 1814 1488 1841 obsitam
1503 1810 1545 1850 ¹⁸).
1586 1813 1683 1841 Etiam
1703 1813 1733 1839 in
1755 1821 1790 1840 ea
1810 1814 1915 1840 vicinia

216 1862 270 1889 fuit
291 1862 417 1890 Narcissi
439 1861 512 1895 fona
535 1867 565 1890 et
586 1873 675 1900 quum
695 1864 847 1892 Narcissus
868 1873 887 1892 a
906 1863 1050 1892 Pausania
1071 1867 1101 1891 et
1115 1863 1267 1891 Eustathio
1283 1860 1315 1899 ¹⁹)
1338 1862 1450 1891 dicatur
1470 1863 1558 1891 fuisse
1574 1861 1771 1900 ThespiensiS,
1794 1871 1913 1890 consen-

366 1990 397 2020 13)
416 1992 473 2015 Gell
490 1992 547 2015 Itin.
566 2000 590 2022 p.
602 1991 657 2016 114.
676 2010 681 2015 .
693 2011 698 2015 .
710 2010 715 2016 .
727 2000 774 2016 .ou
791 1992 833 2016 the
851 1993 926 2016 south
943 1992 986 2016 the
1002 1993 1101 2024 rugged
1119 1992 1167 2015 and
1184 1992 1248 2022 lofty
1266 1991 1408 2022 pyramidal
1425 1992 1554 2016 mountain
1565 1991 1711 2015 Korombile
1729 1998 1758 2015 or
1775 1990 1912 2015 Koromila.

218 2032 333 2055 Altitudo
351 2033 407 2061 ejus
424 2034 463 2055 cst
480 2033 581 2055 circiter
597 2033 702 2056 duorum
720 2033 824 2056 millium
841 2035 868 2056 et
885 2034 1099 2064 septingentorum
1118 2033 1216 2062 pedum.
1532 2064 1537 2068 .

365 2070 397 2101 ¹⁴)
416 2071 513 2096 Strabo.
532 2073 575 2096 IX.
593 2072 650 2096 407.
669 2080 691 2096 c.
701 2071 724 2101 2,
742 2073 763 2101 ἓ.
774 2071 896 2096 19—411.
913 2081 935 2097 c.
944 2072 967 2102 2,
983 2074 1005 2102 ξ.
1016 2072 1055 2096 30.
1092 2072 1189 2096 Olmius
1208 2079 1307 2103 quoque
1324 2074 1350 2096 in
1367 2080 1469 2096 numero
1487 2072 1619 2095 fluviorum
1631 2072 1712 2095 Musis
1724 2079 1852 2095 sacrorum
1865 2074 1911 2095 est.

217 2112 320 2136 Hesiod.
340 2112 436 2145 Theog.
455 2111 478 2137 5.
489 2121 508 2137 s.
544 2113 613 2146 Virg.
632 2113 721 2138 Bucol.
738 2114 788 2143 VI..
806 2112 846 2137 65.
859 2120 893 2137 ss.
922 2122 925 2125 ·

367 2153 398 2183 Ῑῡ)
416 2155 526 2178 Pausnn.
544 2155 587 2178 IX.
606 2153 678 2184 c.29,
696 2153 720 2178 3.
739 2153 794 2179 766.
829 2155 860 2178 cf.
879 2154 949 2178 Serv.
968 2154 1000 2178 ad
1017 2155 1105 2186 virgil.
1123 2155 1211 2179 Bucol.
1230 2155 1261 2179 X.
1273 2153 1310 2183 12,
1327 2155 1371 2179 ubi
1389 2157 1440 2178 est:
1463 2154 1634 2178 Callimachus
1651 2154 1801 2185 Aganippea
1818 2154 1912 2178 fontem

216 2202 273 2218 esse
291 2195 354 2218 dicit
370 2195 498 2219 Permessi
515 2195 631 2219 fluminis.

366 2234 397 2265 ¹¹³)
415 2236 525 2260 Pausau.
542 2237 587 2260 lx.
605 2236 646 2266 31,
663 2238 686 2260 6.
706 2236 761 2261 772.

366 2275 396 2305 ι7)
416 2276 480 2300 Geli.
498 2277 554 2300 ltin.
572 2285 596 2308 p.
609 2276 664 2301 118.

365 2316 395 2347 1ἓῖ)
414 2317 444 2341 O.
463 2317 562 2347 willer,
580 2318 728 2343 Orchomen.
747 2326 770 2349 p.
780 2317 820 2341 42.

366 2357 395 2386 1“-’)
414 2359 523 2382 Pnusan.
542 2359 558 2381 1.
577 2366 598 2382 c.
616 2359 732 2383 Eustath.
751 2359 778 2382 11.
797 2362 821 2390 β.
840 2367 863 2389 p.
873 2358 929 2386 260,
948 2358 969 2382 7.
1005 2360 1142 2391 ἱστορεῖται
1161 2358 1187 2383 δι’
1207 2360 1315 2383 Θεσπιέα
1334 2358 1399 2383 εἶναι
1418 2359 1462 2383 τὸν
1480 2357 1634 2391 Νάρκισσον.
