2182 2697
146 741 288 801 Eorum,
311 768 361 805 qui
379 767 555 808 Graecorum
575 768 664 797 literis
685 777 802 806 operam
823 767 970 802 dederunt,
992 768 1137 797 historiam
1156 773 1411 806 pertractaverunt,
1433 769 1502 797 artis
1523 773 1708 797 monumenta
1729 779 1833 806 cogno-

145 820 249 845 verunt
274 817 320 846 vel
346 818 548 855 inspexerunt,
575 817 640 855 quis
661 821 719 852 est,
747 817 817 855 quin
844 817 985 846 afficiatur
1005 817 1109 852 solum,
1138 826 1235 846 verum
1256 818 1342 846 etiam
1362 822 1494 846 teneatur
1514 827 1625 847 summa
1645 817 1834 847 admiratione

144 865 250 902 populi
263 867 369 902 graeci.
412 865 469 900 Qui
494 866 611 903 quidem
637 876 702 894 eam
722 875 780 893 non
801 867 940 894 excitavit
960 866 1013 894 sibi
1032 866 1197 903 ingentibus
1218 867 1329 903 opibus,
1349 867 1460 903 magnis
1482 876 1515 894 ac
1535 867 1630 895 multis
1651 867 1832 899 exercitibus,

144 912 248 950 quibus
258 923 349 951 regna
362 914 491 952 potentia
504 914 659 951 subjiceret
672 914 798 952 imperim
809 918 839 942 et
853 918 944 942 terras
958 914 1042 951 longe
1055 914 1173 952 lateque
1181 918 1315 952 patentes
1325 914 1496 951 adjungeret
1504 914 1609 942 finibus
1619 915 1692 947 suis3
1707 931 1746 936 -—-
1759 920 1835 943 terra

144 971 231 1000 quam
251 963 384 997 incoluit,
405 963 481 991 haud
501 963 542 991 ita
562 971 666 1000 magna
687 963 859 1001 opulensve,
881 963 1004 1001 populus
1024 964 1099 1001 ipse,
1121 962 1262 1002 siquidem
1281 963 1352 992 alias
1373 964 1503 992 civitates
1523 964 1693 1001 respexeris,
1715 974 1773 992 non
1794 965 1834 993 ita

144 1011 323 1047 puscollens
349 1011 495 1039 hominum
515 1011 711 1045 multitudine3
739 1016 770 1040 at
791 1012 910 1040 celebris
931 1013 985 1039 fuit
1003 1013 1052 1040 illa
1071 1017 1150 1040 terra
1170 1013 1247 1046 viris,
1269 1013 1319 1050 qui
1340 1022 1437 1040 amore
1456 1013 1576 1049 patriae,
1598 1012 1772 1045 fortitudine,
1794 1013 1834 1040 la-

143 1059 246 1088 borum
265 1059 514 1098 periculorumque
535 1061 746 1099 contemptione
766 1064 796 1089 et
816 1061 918 1099 peritia
938 1061 979 1089 rei
998 1061 1126 1090 militaris
1147 1061 1225 1090 facta
1242 1065 1482 1099 perpetraverunt
1496 1069 1606 1088 summa
1623 1061 1716 1097 gloria
1729 1060 1832 1098 digna;

145 1109 195 1144 qui
215 1109 386 1144 ingenio'ac
406 1110 547 1145 sapientia.
567 1110 634 1137 facti
656 1114 724 1147 sunt
743 1114 944 1147 praeceptores
966 1120 1000 1138 ac
1019 1110 1108 1139 duces
1128 1111 1289 1147 posteritati
1309 1119 1401 1147 usque
1423 1110 1460 1138 ad
1480 1114 1609 1138 nostrum
1623 1114 1752 1147 tempus;
1774 1120 1833 1138 non

143 1156 308 1193 pyramides
328 1160 379 1184 aut
399 1157 501 1184 similia
520 1161 704 1185 monumenta
723 1158 852 1194 ingentia
871 1162 1010 1195 vastaque
1029 1159 1059 1185 in
1074 1158 1197 1186 Graecia
1214 1162 1363 1195 stuporem
1375 1158 1458 1184 nobis
1472 1162 1597 1191 movent,
1618 1162 1649 1184 at
1670 1167 1759 1194 opera
1771 1148 1834 1185 arte

144 1203 303 1232 admirabili
325 1204 402 1233 facta
423 1209 454 1233 et
474 1208 555 1232 tanta
575 1204 800 1242 pulchritudine,
822 1209 855 1233 ut
875 1205 924 1233 vix
946 1207 1035 1234 nostri
1056 1206 1179 1235 artifices
1200 1216 1262 1235 eam
1283 1206 1422 1243 consequi
1443 1205 1563 1243 possint,
1585 1204 1713 1233 Graecos
1734 1206 1833 1234 nobili-

143 1256 290 1286 taverunt,
316 1256 453 1280 aeternae
480 1253 589 1289 gloriae
614 1253 893 1283 commendaverunt.
936 1254 1021 1282 Unde
1046 1255 1154 1283 factum
1179 1259 1238 1288 est,
1267 1259 1300 1282 ut
1319 1254 1410 1282 multa
1431 1253 1570 1282 Graeciae
1591 1253 1698 1291 oppida
1716 1255 1834 1291 majoris

143 1301 278 1329 momenti
303 1301 409 1330 fuerint
436 1305 466 1329 et
491 1301 581 1339 pluris
606 1301 751 1336 habenda,
780 1311 866 1339 quam
894 1311 1047 1340 regnorum
1074 1312 1242 1340 magnorum
1265 1306 1344 1329 totae
1365 1302 1538 1339 provinciae.
1580 1302 1624 1329 Ac
1646 1301 1715 1339 quid
1736 1303 1833 1330 nunc?

142 1350 209 1378 Non
231 1351 294 1387 jam
319 1351 447 1379 invenies
474 1351 504 1379 in
525 1351 647 1379 Graecia
668 1351 740 1379 tales
761 1352 838 1379 viros
860 1352 961 1385 claros,
983 1362 1042 1380 non
1059 1352 1122 1388 jam
1142 1352 1211 1380 talia
1230 1350 1336 1388 oppida
1356 1350 1498 1383 florentia;
1521 1365 1559 1369 —-
1582 1349 1721 1379 Graeciae
1742 1351 1835 1379 solum

143 1408 200 1426 non
231 1399 335 1435 injuria
360 1399 466 1427 dixeris
493 1408 628 1436 magnum
654 1400 828 1437 sepulcrum,
855 1401 885 1427 in
906 1410 964 1437 quo
985 1400 1141 1428 nonnullae
1167 1404 1277 1428 tantum
1303 1409 1349 1427 res
1375 1399 1470 1427 adhuc
1496 1399 1660 1426 memoriam
1687 1401 1835 1436 praeteriti

143 1449 280 1485 temporis
311 1448 428 1485 gloriosi
453 1453 600 1477 revocant.
642 1449 684 1477 At
703 1449 778 1477 sicut
797 1449 942 1477 hominum
962 1454 1145 1483 mortuorum,
1167 1458 1289 1487 quorum
1310 1448 1445 1476 virtutem
1465 1451 1495 1475 et
1514 1447 1653 1475 beneficia
1672 1452 1756 1484 grata
1776 1457 1833 1476 me-

142 1497 233 1524 moria
258 1497 468 1534 persequimur,
490 1506 564 1535 quos
585 1498 681 1534 magni
700 1497 829 1531 facimus,
850 1497 981 1535 sepulcra
1001 1498 1116 1525 visimus
1138 1506 1238 1534 eaque,
1261 1497 1364 1534 quibus
1385 1497 1527 1529 vixerunt,
1548 1496 1625 1529 loca;
1648 1496 1689 1523 sic
1709 1497 1834 1524 animum

142 1554 176 1573 ac
198 1545 324 1574 studium
343 1546 464 1574 libenter
484 1546 656 1574 conferimus
677 1547 707 1574 in
727 1555 763 1574 ea
782 1546 846 1575 loca
865 1545 1086 1584 pervestiganda
1105 1550 1193 1584 atque
1214 1545 1421 1582 cognoscenda,
1442 1546 1472 1572 in
1494 1544 1596 1581 quibus
1617 1545 1723 1572 veteris
1745 1544 1834 1573 Grae-

142 1594 204 1621 ciae
225 1593 345 1631 gloriam
365 1593 507 1631 sepultam
527 1594 640 1622 scimus.

288 1642 325 1670 In
345 1651 444 1670 eorum
465 1651 535 1670 vero
557 1642 727 1680 oppidorum
747 1651 915 1679 graecorum
935 1652 1060 1677 numero,
1082 1652 1204 1681 quorum
1224 1652 1329 1671 nomen
1350 1651 1496 1670 servemus
1518 1646 1548 1670 et
1563 1642 1748 1676 celebremus,
1766 1643 1834 1679 jure

142 1689 291 1718 habendae
312 1694 380 1730 sunt
401 1690 556 1729 Thespiae.
598 1690 671 1726 Quis
693 1692 768 1719 enim
788 1700 837 1719 eas
852 1692 975 1728 ignorat,
997 1700 1117 1728 quarum
1131 1692 1209 1719 cives
1225 1691 1303 1728 apud
1318 1691 1531 1728 Thermopylas
1545 1700 1563 1718 a
1575 1690 1713 1723 Leonida,
1736 1699 1833 1727 quam-

142 1739 186 1766 vis
196 1739 258 1776 jam
271 1749 289 1767 a
304 1739 401 1767 Persis
422 1740 615 1768 circumvento
636 1741 764 1778 ipsisque
785 1744 892 1768 certam
911 1745 1030 1769 mortem
1051 1739 1265 1768 demonstrante
1279 1737 1310 1776 ¹),
1332 1737 1646 1774 recedeardnoluerunn
1670 1739 1718 1776 qui
1732 1742 1834 1775 postea

142 1798 207 1817 cum
218 1788 436 1817 Plataeensibus
447 1789 500 1817 soli
510 1789 683 1817 Boeotorum
694 1794 795 1818 contra
805 1789 959 1818 Persarum
969 1789 1189 1817 innumerabiles
1203 1789 1301 1826 copias
1311 1788 1431 1825 patriam
1443 1787 1582 1825 adjuvare
1596 1790 1664 1815 sunt
1677 1787 1753 1820 ausi,
1770 1787 1834 1824 quis

142 1847 191 1865 eas
213 1838 336 1875 ignorat,
358 1838 505 1866 Musarum
526 1838 658 1866 dilectam
679 1838 784 1873 sedem,
805 1848 897 1876 prope
918 1847 1004 1876 quam
1023 1839 1054 1866 in
1066 1838 1207 1866 Helicone
1227 1840 1324 1865 monte
1344 1836 1425 1865 lucus
1440 1845 1521 1864 sacer
1535 1837 1589 1864 fuit
1602 1845 1667 1864 cum
1680 1836 1834 1872 Aganippe

141 1891 170 1913 et
184 1885 368 1923 Hippocrene
389 1886 515 1915 fontibus
537 1886 719 1915 clarissimis?
754 1886 911 1920 Praeterea
931 1887 1037 1916 cultum
1051 1885 1200 1925 Cupidinis
1215 1885 1358 1923 Thespias
1379 1881 1446 1913 olim
1467 1884 1664 1913 celeberrimas
1678 1883 1833 1912 reddidisse

142 1934 210 1962 satis
231 1938 331 1963 notum
351 1938 405 1964 est.

288 1982 334 2010 Ea
345 1983 431 2020 igitur
446 1982 516 2017 loca,
528 1982 632 2021 quibus
644 1983 790 2021 Thespiae
803 1984 914 2021 positae
925 1984 1050 2018 suerunt,
1062 1983 1236 2021 perlustrare
1247 1983 1458 2020 acperquirere
1469 1982 1499 2009 in
1510 1982 1603 2009 animo
1614 1990 1691 2009 nunc
1703 1981 1771 2008 mihi
1782 1985 1833 2008 est.

288 2031 324 2059 In
337 2035 437 2060 vetere
452 2031 643 2069 descriptione
658 2032 734 2060 orbis
749 2037 896 2066 terrarum,
913 2043 998 2071 quam
1012 2033 1100 2069 vulgo
1115 2031 1239 2069 Scymno
1255 2030 1326 2059 Chio
1340 2028 1362 2067 ³)
1383 2030 1536 2063 vindicant,
1551 2029 1672 2066 legimus
1685 2029 1832 2057 Boeotiam

142 2079 233 2108 tribus
259 2079 392 2117 adjacere
413 2081 553 2114 maribus;
580 2089 679 2109 eorum
705 2091 793 2110 unum
814 2081 851 2109 ad
874 2076 1053 2109 Thessaliam
1074 2085 1104 2108 et
1124 2079 1321 2109 Macedoniam
1342 2088 1442 2107 versus
1463 2082 1572 2116 patere,
1594 2078 1713 2105 alterum
1734 2077 1771 2104 ad
1791 2078 1832 2104 in-

141 2128 219 2157 sulas
245 2137 364 2165 graecas
391 2132 422 2157 et
446 2129 628 2167 Aegyptum,
656 2130 773 2158 tertium
799 2130 837 2159 ad
857 2130 981 2159 Siciliam
1006 2135 1037 2158 et
1056 2129 1194 2158 Hadriam
1219 2137 1322 2156 versus
1348 2131 1488 2166 spectare.
1530 2127 1628 2164 Atque
1649 2126 1728 2159 huic,
1755 2125 1832 2163 quod

288 2246 297 2263 ¹
326 2247 418 2272 Herod.
436 2248 490 2271 vn.
560 2267 565 2272 .

289 2250 310 2318 Ἐς
328 2288 453 2318 *41100Υωί
480 2246 568 2319 (Υῗῗέθ
595 2289 699 2319 Scymni
728 2289 796 2319 Chii)
825 2290 960 2321 descriptio
982 2290 1056 2314 orbis.
1099 2296 1163 2313 vers.
1181 2287 1230 2311 488
1247 2295 1282 2312 se.
1322 2288 1352 2311 cf.
1377 2287 1467 2317 Geogr.
1490 2287 1549 2310 minv
1573 2286 1609 2309 ed.
1654 2286 1712 2310 Cul
1738 2286 1835 2309 Miiller.

144 2329 345 2353 Firmin-Didot.
379 2329 452 2352 Paris
465 2326 541 2351 1855.
