2182 2697
943 82 1157 124 ...18:-

337 180 501 210 Reddin
530 189 632 210 versus
661 189 699 210 ex
728 180 778 210 illo
804 181 870 211 loco
900 191 960 211 non
991 162 1078 221 longe
1101 189 1272 220 progressus
1296 181 1425 211 Creusim
1450 181 1512 210 sive
1538 179 1725 219 (ἔκτισαν’)
1751 182 1894 220 pervenis.

199 225 357 271 μὴ
360 217 526 260 ‘Pan-hii·-
545 234 661 268 praeter
679 229 786 259 Bacchi
805 230 927 268 signnm
937 240 976 260 ex
989 240 1091 273 gypso
1111 230 1221 260 facum
1240 233 1271 258 et
1291 230 1432 260 coloribus
1460 234 1594 260 ornatum
1621 229 1691 259 nihil
1711 231 1894 260 memorabile

204 277 255 307 fl
260 287 303 308 se
325 278 470 307 inve-'sse
495 283 594 308 narret
617 283 647 308 et
671 279 836 317 perhibeat,
861 283 976 318 portum
995 280 1061 317 ejus
1081 278 1180 318 oppidi
1199 282 1318 317 propter
1345 284 1448 308 ventos
1473 279 1672 308 vehememius
1691 275 1730 308 ex
1750 279 1894 308 montibus

203 325 309 356 lanu
326 327 420 356 m’nus
439 326 573 356 idoneum
590 336 657 356 esse
677 337 716 356 ex
735 327 934 366 Peloponneso
954 328 1136 358 venientibus
1147 324 1199 365 ⁰⁴),
1226 330 1322 356 tamen
1342 326 1419 356 haud
1439 328 1525 357 dubie
1546 327 1685 366 oppidum
1704 328 1842 366 frequens
1856 332 1893 357 vet

204 379 305 415 porus
324 377 421 414 magni
439 377 574 406 momenti
594 376 658 406 suit.
700 375 796 413 Quum
816 378 892 407 enim
909 378 972 413 iter,
994 376 1073 417 qnod
1092 386 1131 407 ex
1150 376 1272 406 Boeotia
1291 376 1323 405 in
1335 375 1510 415 Megaridem
1523 376 1561 406 sd
1574 376 1757 407 Cithaeronis
1770 375 1892 406 declivia

199 425 275 462 juga
293 424 449 455 seeundum
467 433 548 454 mare
566 425 654 460 ducit,
674 427 757 454 nimis
778 431 931 464 angustum
944 431 974 455 et
986 427 1153 465 impeditum
1165 426 1415 464 periculosumque
1429 427 1473 460 sit,
1494 435 1589 465 eoque
1606 426 1761 456 intercluso
1775 427 1891 455 musii-i

203 471 242 502 ibi
265 473 383 502 omnino
408 472 468 502 non
492 474 599 511 possit,
625 483 737 509 omnes,
763 475 813 513 qui
832 475 863 503 in
882 475 1033 504 Boeotiam
1052 479 1103 503 aut
1122 484 1160 503 ex
1173 474 1296 503 Boeotia
1314 474 1482 502 traducendi
1501 479 1585 503 erant
1596 472 1650 512 ⁶¹),
1662 473 1804 503 Creusim
1823 483 1891 503 eon-

203 525 346 551 venerunt
371 526 422 551 aut
446 522 514 551 inde
538 522 730 552 discesserunt
754 524 884 553 navibus.
927 522 1039 559 Quibus
1069 533 1107 553 ex
1137 523 1224 552 rebus
1256 523 1438 560 cognoscitur
1462 532 1497 552 eo
1524 523 1555 551 in
1581 522 1688 561 oppido
1715 532 1887 552 eoncunum

202 580 337 608 magnum
367 575 399 600 et
426 575 541 608 portum
567 571 645 600 haud
669 573 752 610 parvi
776 573 912 602 momenti
936 572 1034 601 fuisse.
1080 573 1184 610 Neque
1209 576 1306 600 tamen
1336 571 1444 609 Scylax
1469 572 1499 600 in
1528 572 1676 609 ‚,periplo“
1701 575 1736 600 ut
1763 571 1890 600 inscribi-

202 623 265 653 tur,
289 619 320 647 in
344 619 545 648 enumerandis
572 621 683 658 oppidis
709 631 787 650 mare
811 621 1011 659 adjaoenu‘bus
1037 621 1111 649 illius
1136 620 1225 649 ullam
1251 620 1321 649 facit
1341 620 1520 654 mentionem,
1542 620 1594 648 sed
1613 614 1709 660 λιμὴν
1728 617 1891 660 Βῦτρητος

202 672 445 697 commemoratur.
712 661 716 666 ⁵

290 745 297 749 ἱ
347 717 439 756 Atqui
459 728 600 757 nusquam
620 719 697 756 apud
711 719 782 747 alios
803 719 957 757 scriptores
977 719 1032 747 hoc
1051 729 1156 748 nomen
1175 719 1311 753 invenies,
1332 723 1363 747 et
1383 728 1472 757 quum
1485 719 1616 747 Eutresis
1636 719 1767 757 proxime
1783 729 1801 748 a
1818 721 1890 749 mari

201 766 338 801 abfuerit?
353 770 384 795 et
403 767 489 795 nimia
507 768 652 796 nominum
673 767 825 797 similitudo
845 767 1016 801 intercedat,
1033 768 1163 796 .fortasse
1187 768 1238 796 illa
1263 777 1322 795 vox
1343 764 1505 808 Εὔτρητος
1524 777 1664 806 perversa
1683 772 1743 802 est,
1764 772 1796 796 et
1816 769 1889 796 male

200 824 264 844 sese
289 815 398 844 hebens
425 816 575 850 mutanda3
602 820 632 845 et
658 821 737 845 recte
761 816 885 844 fortasse
911 816 1016 854 legitur
1040 812 1132 857 λιμὴν
1153 812 1355 856 Εὗτρήσεως,
1381 817 1422 845 ita
1442 820 1475 844 ut
1495 816 1620 851 Creusis,
1641 817 1760 845 Eutresi
1780 817 1887 855 oppido

200 864 338 901 proxima,
359 864 542 902 significetur.
583 865 668 893 Nunc
687 865 718 893 in
738 865 793 893 isto
814 865 879 893 sinu
899 864 1081 893 Corinthiaco
1101 864 1274 894 Livadostro
1295 865 1462 903 oppidulum
1482 866 1607 902 positum
1620 869 1673 899 est,
1695 865 1781 894 etim
1795 871 1885 904 atque

199 902 285 940 etiam
305 913 487 941 efflorescens
498 910 544 950 ⁶⁶).
586 913 621 952 In
642 913 765 941 confinio
785 922 855 941 vero
877 913 1098 951 Thespiensium
1118 918 1148 941 et
1161 913 1373 950 Megarensium
1395 914 1507 949 Τεῖχος
1519 911 1682 949 Βοιωτῶν,
1703 918 1737 941 nt
1750 918 1796 942 est
1809 915 1888 951 apud

199 960 369 999 Scylacem,
389 962 478 990 fuisse
503 966 581 990 recte
608 962 771 999 opinantur.
814 960 900 997 Quod
926 963 1028 998 τεῖχος
1053 963 1114 990 sine
1140 961 1227 990 dubio
1255 961 1313 990 tale
1339 961 1392 989 fuit
1417 961 1580 995 castellum,
1608 961 1705 999 qualia
1731 963 1888 1000 compluria

198 1009 340 1040 Miltiades
352 1008 397 1047 ⁸⁷),
419 1019 508 1048 quum
527 1010 668 1039 coloniam
689 1010 907 1038 Atheniensium
926 1011 957 1038 in
977 1010 1187 1039 Chersonesum
1208 1009 1380 1038 Thracicum
1401 1010 1575 1043 deduxisset,
1598 1010 1636 1038 ad
1657 1010 1780 1038 tuendos
1801 1020 1887 1048 agros

198 1058 363 1096 oppidaque
382 1058 492 1087 idoneis
513 1059 542 1086 in
561 1059 632 1086 locis
653 1058 827 1087 exstruenda
847 1063 1005 1087 curaverat.
1038 1060 1079 1087 At
1097 1059 1173 1086 bello
1186 1058 1432 1095 Peloponnesiaco
1447 1062 1478 1086 et
1490 1058 1695 1095 posterioribus
1710 1060 1886 1096 temporibus

198 1106 302 1135 nullius
326 1107 461 1135 momenti
485 1106 532 1135 vel
557 1107 644 1144 plane
670 1116 803 1135 eversum
823 1107 1010 1145 ignotumque
1030 1107 1118 1135 fuisse
1138 1107 1265 1141 videtur,
1288 1116 1376 1145 quum
1397 1106 1529 1134 facillime
1549 1107 1651 1134 Boeoti
1670 1107 1728 1135 illic
1748 1107 1846 1135 hostes
1867 1118 1886 1136 a

197 1157 319 1185 transitu
338 1165 377 1185 ex
397 1156 544 1197 hiegaride
564 1156 714 1194 prohibere
734 1156 896 1194 potuissent
916 1160 946 1185 et
967 1155 1154 1194 Thucydides
1176 1159 1264 1194 atque
1283 1155 1449 1193 Xenophon
1475 1155 1532 1184 tale
1553 1156 1604 1184 vix
1625 1155 1736 1184 silentio
1757 1161 1884 1194 praeter·

196 1206 339 1234 misissent
363 1206 393 1233 in
417 1206 595 1243 explicandis
622 1205 708 1233 rebus
733 1206 831 1243 gestis.
873 1206 941 1235 Jam
966 1215 1036 1234 vero
1057 1205 1195 1234 Creuside
1219 1205 1319 1234 relicta
1338 1204 1485 1233 Pausania
1505 1204 1578 1233 duce
1599 1214 1678 1234 oram
1699 1205 1836 1235 Boeotiae
1857 1208 1885 1235 in

196 1263 328 1282 occasum
354 1254 422 1283 solis
449 1263 548 1282 versus
575 1254 736 1291 legentibus
762 1255 884 1292 primum
910 1255 1032 1282 occurrit
1056 1263 1154 1289 mons,
1180 1254 1252 1282 mari
1276 1254 1426 1282 imminens
1454 1252 1545 1290 (haud
1571 1253 1657 1282 dubie
1677 1255 1717 1288 is,
1739 1255 1785 1283 cui
1806 1265 1884 1283 nunc

195 1302 375 1339 Korombile,
402 1307 435 1331 ut
460 1312 549 1341 supra
575 1303 801 1331 demonstratum
825 1308 885 1337 est,
911 1302 1037 1340 nomen).
1057 1300 1059 1302 ¹
1080 1302 1146 1338 Quo
1167 1307 1264 1331 monte
1284 1306 1420 1340 superato
1442 1302 1576 1340 planities
1597 1306 1627 1330 te
1648 1303 1786 1340 excipiet,
1809 1304 1885 1333 ultra

196 1360 282 1389 quam
301 1352 331 1380 in
352 1351 408 1380 alio
429 1356 526 1380 monte
547 1352 600 1380 sub
620 1352 759 1380 Helicone
780 1352 890 1380 Thisbe
911 1353 1092 1390 conspicitur.
1135 1352 1213 1380 Tum
1233 1351 1394 1380 Pausanias
1414 1351 1456 1379 ita
1476 1352 1571 1388 pergit
1582 1348 1632 1388 ‘⁸):
1657 1351 1885 1390 Παραπλέοντι

195 1395 377 1437 δὲ·αὖτόθι,
398 1397 542 1437 πόλισμά
562 1398 648 1430 ἔστιν
667 1395 705 1429 οὔ
726 1401 808 1437 μέγα
827 1397 885 1430 ἐπὶ
904 1397 1056 1441 θαλάσσῃ
1079 1401 1182 1438 Τῖφα.
1222 1399 1362 1428 Vehimur
1386 1404 1482 1428 autem
1510 1410 1575 1428 oum
1600 1400 1747 1429 Pausania
1770 1402 1825 1436 ita,
1851 1408 1884 1430 ut

195 1449 304 1477 Thisbe
324 1450 406 1477 nobis
427 1449 465 1477 sd
485 1449 616 1477 dextram
636 1450 730 1486 posita
751 1450 801 1483 sit3
831 1454 919 1487 atque
940 1450 964 1477 si
984 1448 1229 1487 praetervehimur
1249 1457 1285 1476 ea
1304 1448 1376 1482 loca,
1399 1458 1474 1486 quae
1494 1449 1570 1477 inter
1591 1449 1731 1477 Thisbam
1751 1454 1783 1478 et
1804 1460 1883 1479 mare

193 1502 272 1532 sunt,
305 1507 423 1526 necesse
448 1502 494 1526 est
520 1507 597 1526 nunc
623 1507 739 1536 quoque
764 1498 795 1526 in
821 1507 954 1526 oceasum
984 1498 1052 1526 solis
1073 1506 1173 1525 versus
1199 1496 1363 1531 tendamus,
1392 1502 1421 1525 et
1447 1497 1544 1535 Tipha
1569 1497 1616 1525 vel
1638 1497 1743 1535 Siphae
1770 1497 1815 1534 (ut
1835 1500 1882 1527 alii

193 1546 332 1583 scribunt)
352 1548 464 1584 positae
486 1547 542 1575 sint
562 1548 592 1575 in
612 1547 675 1575 loco
703 1547 840 1584 quodam,
867 1547 905 1575 ad
926 1556 1012 1585 quem
1031 1547 1189 1584 pervenies,
1215 1547 1239 1575 si
1259 1555 1278 1574 a
1298 1545 1408 1574 Thisbe
1428 1546 1573 1574 meridiem
1594 1556 1695 1574 versus
1716 1547 1746 1575 in
1766 1557 1882 1585 aggere,

192 1603 278 1632 quem
298 1604 387 1633 supra
401 1595 695 1629 commemoravimus,
716 1596 772 1624 iter
792 1596 975 1624 converteris.
1007 1596 1104 1633 Atque
1124 1594 1257 1632 equidem
1278 1595 1379 1631 opinor
1400 1594 1503 1632 Siphas
1524 1594 1613 1622 fuisse
1635 1595 1713 1629 sitas,
1737 1605 1796 1633 quo
1817 1597 1880 1625 loco

191 1648 291 1682 portus
317 1646 426 1673 recenti
452 1645 566 1673 nomine
587 1644 667 1672 Lusa
693 1643 771 1682 (port
791 1645 903 1679 Lousa,
929 1648 963 1672 ut
989 1648 1033 1672 est
1059 1644 1088 1671 in
1108 1643 1198 1671 tabul.
1218 1652 1317 1680 geogr.
1339 1641 1507 1679 Parisiens.)
1529 1647 1671 1671 retractus
1692 1648 1738 1672 est
1757 1645 1787 1672 in
1808 1646 1881 1680 sinu,

192 1703 279 1730 quem
299 1702 376 1721 nunc
396 1693 543 1730 appellant
563 1703 600 1721 ex
622 1693 727 1730 oppido
748 1693 795 1720 vel
815 1693 880 1721 vico
901 1693 1075 1720 Dombrena.
1117 1691 1254 1720 Adducor
1274 1700 1344 1719 vero
1365 1691 1403 1719 ad
1416 1691 1491 1719 hanc
1505 1692 1677 1728 opinionem,
1697 1692 1880 1728 Pausaniam,

190 1751 309 1780 gravem
335 1745 491 1776 auctorem,
521 1751 606 1780 quam
633 1741 844 1779 diligentissime
871 1745 1024 1779 sequutus,
1050 1744 1080 1769 et
1107 1739 1184 1778 quod
1212 1739 1260 1768 ille
1281 1743 1365 1767 vetus
1378 1743 1477 1777 ‘agger
1496 1739 1622 1767 validum
1643 1749 1677 1768 ac
1698 1740 1809 1770 firmum
1829 1743 1883 1770 iter

191 1801 243 1828 per
263 1792 409 1829 planitiem
429 1791 597 1828 paludosam
623 1792 696 1818 inter
717 1791 846 1819 Thisben
871 1795 901 1818 et
925 1800 1004 1818 mare
1030 1789 1171 1827 praebens
1192 1789 1230 1818 ad
1250 1788 1327 1817 hunc
1347 1793 1462 1826 portum
1483 1789 1569 1817 ducit.
1611 1789 1716 1827 Itaque
1737 1801 1795 1819 non
1815 1802 1881 1829 pro-

191 1840 261 1868 bare
281 1849 327 1868 me
347 1840 454 1873 fateor,
477 1838 554 1877 quod
574 1839 604 1866 in
626 1838 729 1866 tabulis
750 1848 848 1875 geogr.
869 1838 918 1866 vel
937 1838 1096 1866 novissimis
1110 1837 1217 1875 Siphae
1237 1838 1348 1875 positae
1363 1842 1430 1866 sunt
1444 1837 1497 1865 sub
1511 1838 1574 1874 ipso
1588 1842 1693 1872 monte,
1714 1839 1881 1869 Korombile

191 1898 278 1927 quem
304 1892 424 1923 vocant3
455 1888 617 1917 Pausaniae
643 1888 719 1916 enim
750 1887 805 1916 huc
826 1887 955 1917 tendenti
981 1886 1017 1916 ab
1049 1896 1098 1914 ora
1125 1885 1254 1915 Thisbae
1278 1886 1408 1914 finituma
1432 1886 1670 1923 renavigandum'
1685 1887 1800 1922 fuisset3
1824 1899 1882 1927 qua

190 1939 225 1967 de
246 1948 277 1967 re
298 1938 366 1966 nihil
385 1938 498 1975 legitur.
539 1964 546 1967 ι

336 2058 370 2090 ⁶³)
387 2059 469 2084 Strab.
486 2059 529 2083 lx.
547 2057 604 2082 405.
628 2067 649 2083 c.
659 2057 682 2082 2.
705 2059 727 2088 5
738 2057 777 2083 14.
783 2057 876 2083 —409.
893 2066 913 2082 c.
925 2056 949 2083 2.
967 2058 989 2088 5.
999 2056 1039 2082 25.
1072 2057 1182 2082 Pausan.
1200 2057 1244 2081 lx.
1261 2055 1333 2081 321.
1351 2055 1432 2087 (773).
1466 2056 1585 2088 Stephan.
1603 2056 1666 2087 Byz.
1684 2064 1704 2081 s.
1722 2064 1746 2081 v.
1764 2057 1879 2089 Kpfflsm

189 2102 243 2125 Liv.
258 2100 374 2125 XXXVI.
395 2098 435 2124 21.
468 2100 494 2124 Is
515 2099 600 2130 (Cato)
623 2107 639 2124 a
660 2100 758 2124 Creusa
774 2100 979 2131 (Thespiensium
996 2099 1144 2130 emporium
1151 2100 1202 2127 est,
1222 2099 1273 2122 ini
1264 2098 1352 2122 intimo
1369 2098 1426 2121 sinu
1443 2097 1604 2122 Corinthiaco
1626 2097 1772 2129 retractum)
1789 2099 1879 2123 Patras

188 2140 301 2172 Aelim-e
316 2142 387 2172 petit.

334 2179 367 2211 ⁶⁴)
383 2181 494 2205 Pausan.
512 2182 528 2205 l.
547 2189 568 2205 c.

334 2220 367 2251 ὦ)
383 2221 499 2252 Xenoph.
515 2222 615 2246 Hellen.
633 2222 663 2246 V.
679 2221 703 2246 4.
721 2221 761 2246 60.

334 2260 368 2294 ⁶⁵)
384 2262 425 2287 W.
443 2262 508 2287 Gell.
524 2262 584 2287 Itin-
599 2270 624 2294 p.
635 2261 690 2287 113.
723 2263 798 2288 Boss-
815 2263 847 2288 Κ.
864 2264 896 2288 R.
913 2263 932 2288 1.
948 2270 973 2294 p.
984 2262 1023 2288 19.

332 2302 367 2335 fl)
383 2304 458 2328 Corn.
475 2304 537 2334 Nep.
554 2303 619 2327 unt.
636 2311 659 2328 e.
671 2303 695 2328 2.
729 2305 760 2328 cf.
779 2303 876 2329 Λευκὸν
891 2307 974 2336 τεῖχος
989 2312 1030 2335 ap.
1048 2304 1164 2335 Thucyd.
1180 2304 1200 2328 1.
1219 2301 1273 2328 104„

332 2343 367 2377 Β)
382 2346 492 2370 Pausan.
508 2344 553 2369 IX.
569 2343 610 2368 3⁴2.
626 2343 651 2368 3.
669 2344 748 2375 (774).
782 2345 897 2375 Thucyd.
913 2345 956 2369 IV.
975 2343 1015 2369 76.
1033 2345 1061 2368 at
1074 2344 1105 2371 δὲ
1121 2346 1206 2377 Σίφαι
1223 2345 1271 2368 εἰσὶ
1287 2344 1333 2374 τῆς
1354 2342 1480 2373 Θεσπικῆς
1494 2343 1541 2375 γῆς
1557 2343 1585 2369 ἰν
1601 2343 1639 2376 τῷ
1655 2345 1775 2378 Κρισαίῳ
1792 2345 1878 2378 κόλπῳ

186 2385 406 2412 famulantem.
440 2386 472 2411 cf.
489 2384 607 2417 Stephan.
624 2385 687 2416 Byz.
705 2393 725 2411 s.
743 2393 766 2410 v.
785 2387 877 2419 Σίᾳαι.
911 2385 985 2416 Apud
1002 2385 1156 2410 Pausaniam
1172 2385 1265 2417 legitur
1283 2386 1363 2417 Τῖᾳα,
1381 2385 1462 2408 forma
1478 2384 1599 2409 Boeotico
1615 2385 1670 2409 sive
1688 2385 1801 2410 Aeolica.
