2182 2697
915 52 1131 85 -.7,-.

178 153 319 185 m
332 149 482 180 Heliconis
501 150 636 183 verticem
648 149 780 179 -diximus
801 157 874 177 esse.
915 150 1012 178 Etiam
1033 149 1087 177 sub
1103 148 1298 186 septentrione
1318 153 1440 186 surgunt
1461 153 1572 176 montes
1593 157 1700 184 magua
1713 149 1876 177 acclivitate

178 197 344 239 Rhabaine
368 202 408 227 et«
418 197 601 237 Tilphosina,
627 198 678 236 qui
702 197 788 227 latius
815 198 846 226 in
866 198 1090 236 septentrionem
1109 197 1233 236 porrecti
1253 197 1346 225 lacum
1366 197 1523 235 Copaidem
1544 197 1690 234 attingunt
1710 201 1740 225 et
1760 201 1875 225 tenuem

180 247 415 286 humiliumque
443 247 547 276 ultum
570 248 710 276 orientem
736 256 837 275 versus
859 247 977 276 Thebas
1002 256 1094 284 usque
1121 245 1305 284 protendunt.
1346 247 1401 274 Illa
1426 251 1524 274 autem
1550 246 1633 273 vallis
1654 250 1685 274 et
1702 247 1790 283 juga,
1811 250 1874 274 tota

179 295 307 335 deniqne
325 296 407 334 tegio
426 296 549 325 maxime
570 295 685 324 ext-,ellit
704 296 892 330 amoenitate3
912 305 981 324 nam
1001 296 1131 333 quamvis
1151 304 1238 332 rupes
1259 304 1296 322 ex
1310 295 1385 323 valle
1399 295 1492 330 fertili,
1514 299 1694 333 personante
1708 294 1787 322 fluvii
1800 295 1871 322 mul-

169 343 333 383 'temque
359 346 487 374 rivonun
513 353 658 373 murmure
677 344 859 373 difficillimae
885 346 943 373 siut
969 344 1106 378 transitu,
1135 348 1233 371 tamen
1259 344 1472 372 amoenissimas
1492 345 1601 372 formas
1622 352 1694 381 prae
1715 352 1747 371 se
1768 343 1873 375 ferunt,

181 397 212 422 et
231 397 325 422 tectae
345 398 415 423 sunt
433 392 577 421 frondosis
597 393 796 430 umbrosisque
821 394 914 427 silvis,
941 393 989 421 ubi
1009 398 1168 430 myrtornm
1188 392 1269 423 densi
1290 392 1407 419 frutices
1429 398 1458 420 et
1479 393 1585 420 herbae
1605 392 1749 429 floresque
1771 391 1874 419 odores

181 451 286 470 suaves
311 445 455 479 spargunt
464 438 502 478 ⁷),
531 441 572 469 ita
597 445 630 469 ut
653 441 726 472 haec
751 442 830 478 regio
852 442 921 478 jure
941 441 1052 476 Musis,
1073 441 1188 470 mitibus
1215 440 1337 474 deabus,
1366 440 1414 468 illa
1435 445 1534 469 contra
1554 441 1670 469 deserta
1690 441 1873 477 abruptaque

180 490 311 527 Dionyso
334 489 456 528 ejusque
476 489 626 518 comitibus
647 489 743 518 divino
764 490 861 528 furore
881 489 1014 517 excitatis
1035 490 1142 518 tributa
1164 488 1296 517 videatur
1316 498 1387 516 esse.
1420 489 1454 516 In
1471 490 1543 526 jugo
1565 489 1643 517 haud
1663 489 1764 526 procul
1778 498 1796 516 a
1809 489 1873 516 vico

179 538 294 575 Zagora
312 537 459 566 meridiem
480 547 582 566 versus
603 538 650 566 W.
673 537 738 566 Gell
759 542 819 567 tres
839 538 935 566 fontes
955 538 1062 575 reperit
1083 537 1169 576 (τρία
1190 533 1356 577 πηγάδια);
1386 547 1505 574 quorum
1526 547 1600 565 unus
1622 538 1729 574 frigore
1750 538 1872 565 maxime

179 590 330 624 praestans
351 584 440 622 (nunc
468 582 547 624 κρύο
568 582 700 626 πηγάδι)
727 586 792 614 fons
818 586 1015 623 Hippocrene,
1042 591 1074 614 ut
1099 590 1214 614 veteres
1235 585 1432 623 appellabant,
1459 590 1577 623 putatur
1597 595 1661 614 esse
1673 582 1706 622 ⁸).
1749 585 1834 613 Illum
1856 595 1874 613 a

179 634 408 672 Bellerophontis
434 643 509 672 equo
536 639 667 672 apertum
694 644 759 664 esse
784 634 894 672 ungula
920 639 1025 662 terram
1045 635 1224 672 percutiente
1251 638 1281 662 et
1307 633 1372 661 inde
1393 643 1498 662 nomen
1520 635 1674 672 accepisse,
1696 634 1774 662 fama
1794 634 1872 671 apud

179 687 292 712 veteres
312 687 382 711 erat.
423 683 472 711 Ex
491 683 540 711 illo
563 683 625 711 loco
646 684 785 711 orientem
809 692 911 711 versus
931 683 1124 720 progredienti
1146 682 1353 710 transeundum
1374 687 1418 710 est
1435 683 1537 719 jugum
1558 684 1680 711 maxime
1701 683 1871 720 impeditum

178 735 209 760 et
235 731 439 771 periculosum3
467 741 501 760 eo
529 736 626 760 autem
651 736 788 769 superato
816 731 963 759 Musarum
989 741 1069 759 sacer
1094 732 1175 760 lucus
1197 736 1226 759 te
1247 732 1361 768 excipit,
1384 731 1491 759 distans
1513 732 1549 759 ab
1571 731 1755 768 Hippocrene
1782 731 1871 759 ferme

178 781 281 818 viginti
301 780 401 809 stadie.
443 781 529 809 Nunc
549 781 588 809 ibi
609 781 662 809 sub
684 780 780 809 densis
801 780 949 809 fruticibus
970 780 1077 818 lapides
1099 781 1181 809 scissi
1195 779 1372 817 disjectique,
1395 789 1514 817 quorum
1530 780 1659 808 nonnulli
1673 780 1873 817 inscriptiones

179 831 313 867 antiquas
338 838 409 867 prae
430 839 461 858 se
482 830 593 863 ferunt,
618 831 730 866 jacent,
757 844 800 850 —
820 829 886 857 olim
914 830 1082 867 optimorum
1108 829 1387 866 clarissimorumque
1415 829 1552 856 artificum
1572 829 1710 866 Lysippi,
1739 830 1871 867 Myronis

178 878 299 907 aliorum
324 888 414 917 opera
437 879 512 916 aptis
536 879 683 916 justisque
708 878 865 906 intervallis
887 878 1025 916 disposita
1046 878 1211 912 exstabant„
1233 882 1266 905 ut
1286 882 1502 915 praetereuntes
1523 878 1638 906 mirifice
1660 878 1872 906 delectarentur

179 932 210 955 et
230 928 359 955 locorum
379 928 560 965 nemorisque
582 928 753 955 amoenitate
774 932 804 955 et
825 927 983 955 artificiosis
1004 928 1145 964 operibus.
1188 927 1233 954 Ibi
1253 928 1328 955 enim
1351 927 1598 963 conspiciebantur
1612 927 1759 954 Musarum
1780 928 1872 963 signa,

179 976 321 1013 Apollinis
343 980 372 1004 et
392 975 535 1009 Mercurii,
556 976 593 1003 de
613 975 678 1012 lyra
698 976 773 1003 inter
790 985 821 1004 se
835 976 1013 1013 litigantium,
1035 980 1123 1013 atque
1135 975 1242 1003 Bacchi
1261 985 1312 1003 seu
1325 975 1450 1012 Dionysi
1465 975 1658 1008 simulacrum3
1681 979 1741 1002 tum
1755 975 1873 1002 Hesiodi

178 1028 209 1052 et
230 1023 340 1062 Orphei
359 1025 483 1063 Linique
504 1029 603 1053 vatum
624 1024 835 1062 praeclarorum
856 1029 983 1058 statuae,
1005 1025 1129 1062 itemque
1152 1024 1345 1062 Thamyridis,
1363 1025 1423 1061 jam
1446 1028 1506 1052 tum
1528 1024 1687 1058 obcaecati,
1709 1024 1773 1061 lyra
1795 1024 1872 1052 humi

177 1073 338 1110 adjacente,
367 1074 441 1102 sicut
460 1074 484 1101 is
505 1078 597 1106 vates,
620 1083 704 1111 quem
725 1073 824 1101 Musas
846 1078 932 1102 cantu
953 1074 1068 1102 vincere
1088 1077 1232 1108 conatum,
1254 1073 1305 1101 sed
1326 1074 1431 1101 victum
1452 1073 1586 1101 dicebant
1607 1083 1679 1106 esse,
1700 1073 1795 1110 pictus
1810 1080 1872 1101 erat

180 1122 210 1149 in
232 1121 358 1150 Lesches
378 1121 538 1159 Delphicae
566 1122 647 1150 laeva
672 1126 755 1159 parte
766 1119 798 1158 ’).
841 1122 995 1150 Praeterea
1020 1122 1057 1149 ibi
1083 1122 1201 1149 fuerunt
1222 1121 1363 1154 Sacadae,
1391 1122 1457 1155 clari
1480 1122 1602 1149 tibicinis
1623 1121 1733 1157 Argivi,
1756 1123 1872 1150 Arionis

179 1170 389 1207 Methymnaei,
417 1169 551 1207 delphino
572 1170 734 1204 insidentis,
762 1175 886 1198 statuae.
928 1171 1019 1198 Porro
1040 1171 1169 1207 proxime
1190 1170 1381 1208 Aganippam,
1403 1170 1513 1197 fontem
1533 1170 1624 1197 Musis
1645 1179 1765 1204 sacrum,
1787 1172 1871 1199 simu-

179 1218 289 1247 lacrum
301 1217 474 1256 Euphemes,
489 1218 635 1247 Musarum
651 1219 777 1253 nutricis,
793 1220 916 1256 positum
931 1223 1000 1247 erat.
1034 1218 1110 1253 Quin
1124 1219 1210 1249 etiam
1223 1219 1361 1246 Arsinoes
1380 1215 1421 1254 ¹⁰),
1443 1218 1600 1246 Ptolemaei
1614 1219 1719 1246 sororis
1733 1219 1873 1256 simulque

179 1268 292 1302 uxoris,
311 1271 408 1296 statua
428 1277 462 1296 eo
484 1268 514 1295 in
535 1267 599 1295 luco
621 1267 759 1296 collocata
779 1268 867 1297 fuisse
888 1268 987 1296 fertur.
1021 1268 1067 1295 Ibi
1088 1268 1173 1296 etiam
1194 1267 1322 1305 tripodes
1343 1267 1428 1295 dicati
1444 1263 1642 1300 servabantur,
1666 1277 1787 1305 quorum
1801 1270 1873 1296 anti-

180 1317 347 1353 quissimum
366 1316 523 1349 Hesiodus,
547 1326 634 1353 quum
655 1326 692 1344 ex
718 1317 917 1345 certaminibus
945 1317 1039 1351 festis,
1066 1316 1200 1344 Chalcide
1221 1317 1371 1349 institutis,
1394 1316 1563 1343 carminibus
1585 1317 1644 1343 suis
1667 1318 1796 1354 superior
1817 1318 1872 1345 dis-

178 1365 322 1399 cessisset,
344 1364 484 1403 tripodem
504 1365 622 1402 praemii
642 1364 705 1392 loco
726 1365 822 1393 ferens
845 1366 875 1393 in
894 1365 1041 1393 Musarum
1060 1365 1127 1393 iuco
1149 1373 1332 1392 consecrasse
1354 1364 1464 1392 dicitur.
1507 1366 1605 1401 Atque
1627 1374 1662 1392 ea
1683 1366 1777 1393 omnia
1798 1365 1872 1394 lianc

181 1424 296 1452 quoque
319 1414 356 1443 ob
378 1423 493 1443 eausam
514 1415 643 1443 instituta
663 1415 787 1449 fuerunt,
810 1415 889 1452 quod
909 1415 964 1443 illis
984 1415 1054 1443 locis
1076 1413 1136 1442 dies
1157 1414 1223 1442 festi
1244 1413 1357 1445 Musca,
1385 1419 1418 1442 ut
1439 1414 1667 1452 appellabantur,
1688 1419 1718 1443 et
1738 1415 1872 1444 Erotidia

179 1464 278 1500 quinto
301 1472 417 1500 quoque
438 1473 514 1491 anno
535 1473 639 1500 magno
660 1473 725 1492 cum
745 1468 886 1500 apparatu
907 1473 942 1492 ac
963 1463 1057 1491 studio
1079 1463 1310 1496 celebrabantur;
1333 1467 1362 1490 et
1383 1467 1464 1491 tanta
1486 1463 1539 1490 fuit
1559 1472 1658 1491 eorum
1672 1465 1827 1492 auctoritas
1843 1470 1872 1492 et

177 1512 317 1540 victorum
341 1512 417 1546 laus,
444 1516 476 1539 ut
503 1511 553 1549 qui
577 1512 738 1550 superiores
766 1522 803 1540 ex
830 1512 1030 1540 certaminibus
1052 1511 1261 1545 discessissent,
1284 1520 1382 1539 eorum
1403 1512 1519 1539 nomina
1539 1511 1680 1548 lapidibus
1701 1512 1758 1540 sint
1785 1513 1874 1540 incisa

178 1561 251 1589 sicut
272 1559 535 1599 Olympionicarum
550 1559 595 1598 ¹¹).
637 1560 750 1596 Quibus
771 1570 808 1589 ex
829 1562 915 1590 rebus
936 1561 1114 1598 intelligitur,
1142 1564 1251 1598 quanta
1271 1561 1400 1588 claritate
1422 1565 1450 1588 et
1471 1560 1637 1588 celebritate
1662 1563 1873 1599 sanctitateque

177 1610 201 1637 is
221 1609 302 1637 locus
323 1610 417 1643 suerit,
438 1619 524 1648 quam
545 1610 678 1647 religiose
698 1610 800 1638 Musae
821 1610 915 1638 cultae
940 1610 1053 1638 fuerint.
1085 1610 1187 1647 Neque
1201 1618 1271 1637 vero
1291 1610 1339 1637 illa
1360 1613 1470 1637 tantum
1488 1610 1570 1646 juga,
1593 1619 1669 1647 quae
1690 1610 1743 1638 sub
1758 1611 1872 1638 meridie

180 1658 209 1686 in
238 1658 342 1687 vallem
368 1658 505 1692 redeunt,
532 1659 616 1687 etiam
637 1668 688 1693 ea,
716 1668 790 1697 quae
818 1659 1040 1696 septentrionem
1068 1668 1170 1688 versus
1195 1668 1232 1687 ex
1259 1658 1360 1686 eadem
1384 1658 1460 1686 valle
1486 1664 1659 1692 nascuntur,
1686 1659 1823 1687 Libethrii
1845 1665 1875 1687 et

180 1706 320 1744 Tilphosii
339 1707 420 1744 juga,
441 1707 532 1735 Musis
554 1712 721 1736 consecrata
735 1712 824 1735 erant.
860 1707 993 1746 Namque
1013 1709 1041 1735 in
1056 1707 1203 1736 Libethrio
1229 1711 1335 1741 monte,
1357 1708 1406 1744 qui
1421 1707 1566 1735 Pausania
1588 1712 1660 1735 teste
1683 1708 1871 1745 quadraginta

179 1755 240 1783 fere
268 1755 360 1783 stadia
380 1755 506 1784 distabat
526 1752 666 1789 Coronea,
687 1756 763 1784 haud
776 1757 884 1793 ‘procul
898 1766 916 1784 a
935 1757 1117 1784 Libethriade
1144 1760 1174 1784 et
1193 1756 1283 1784 Petra
1309 1757 1435 1783 fontibus
1457 1756 1601 1783 Musarum
1628 1761 1658 1783 et
1675 1757 1873 1794 Nympharum

179 1805 348 1841 cognomine
367 1804 575 1833 Libethriarum
597 1805 747 1845 simulacra
768 1809 851 1833 erant
870 1805 964 1842 posita
981 1803 1023 1842 ¹²).

326 1853 395 1882 Jam
419 1862 507 1891 supra
532 1854 763 1888 commemoravi,
785 1863 838 1891 per
858 1854 974 1888 vallem,
997 1864 1070 1892 quae
1092 1854 1194 1882 dividit
1214 1854 1396 1882 meridianam
1418 1854 1564 1887 Heliconis
1586 1858 1695 1891 partem
1718 1864 1735 1882 a
1756 1859 1869 1892 septen-

180 1902 306 1936 trionali,
339 1902 458 1930 fluvium
482 1903 511 1929 in
537 1903 676 1930 orientem
704 1912 804 1930 versus
830 1902 934 1935 fluere3
968 1908 1054 1940 atque
1080 1903 1126 1931 hic
1152 1903 1227 1932 idem
1253 1904 1356 1931 fluvius
1382 1904 1485 1931 tertiae
1511 1912 1626 1940 quoque
1654 1904 1714 1931 sive
1741 1904 1870 1931 orientali

337 2070 358 2102 ⁷)
375 2072 513 2096 Praeterea
529 2072 627 2096 incolno
646 2072 705 2096 olim
722 2073 867 2103 narrabant,
884 2080 978 2104 earum,
995 2081 1061 2105 quae
1078 2073 1113 2097 ibi
1130 2074 1266 2105 gignantur
1281 2073 1385 2102 herbae,
1403 2072 1485 2096 nullas
1504 2073 1595 2096 homiui
1614 2072 1702 2096 afferre
1719 2075 1829 2102 mortem,
1847 2076 1872 2096 ct

182 2114 331 2143 serpentum
348 2113 426 2142 virus,
442 2112 510 2137 baud
527 2114 564 2137 ita
579 2112 699 2143 validum,
716 2113 767 2137 illis
783 2115 892 2146 gustatis
909 2114 1035 2138 infirmari.
1070 2115 1101 2138 cf.
1119 2115 1228 2138 Pnusnn.
1246 2114 1288 2137 IX.
1307 2112 1346 2137 28.
1365 2112 1443 2143 (764).

337 2150 360 2182 8)
377 2153 452 2178 Boos.
473 2153 505 2177 K.
523 2154 553 2177 R.
570 2153 602 2177 n.
620 2152 676 2178 197.
711 2154 775 2178 Geli.
792 2154 849 2178 ltin.
867 2162 891 2186 p.
902 2153 958 2179 1⁴22„

339 2191 361 2223 ⁰)
378 2194 489 2218 Pas-n.
506 2194 538 2218 X.
555 2193 595 2218 30.
613 2193 637 2218 4.
655 2207 686 2212 —
703 2195 747 2219 1x.
765 2194 805 2219 30.
822 2194 845 2226 2,
863 2195 887 2220 3.
921 2196 995 2220 Hom.
1012 2196 1041 2220 Il.
1058 2198 1083 2227 β.
1101 2195 1150 2220 595
1159 2204 1192 2220 ss.

332 2232 364 2263 ιο)
381 2234 491 2258 Pauus.
509 2235 552 2257 lx.
564 2234 605 2258 31.
619 2235 640 2259 l.
675 2236 707 2259 cf.
719 2236 831 2259 adnotat.
843 2238 869 2259 in
887 2237 925 2260 ed.
938 2236 1042 2264 Sibelis;
1060 2237 1152 2261 Catuli.
1165 2236 1204 2260 66.
1216 2235 1256 2259 54.
1290 2236 1422 2263 Arsinoe‘n,
1440 2236 1577 2259 Ptolemaei
1591 2235 1749 2264 Philadelphi
1762 2242 1873 2264 uxorem,

133 2294 135 2296 ,
180 2276 271 2299 artifex
289 2274 395 2298 finxerat
411 2274 616 2298 struthiocamelo
633 2276 789 2300 insidentem.

331 2314 363 2345 ¹¹)
381 2314 491 2339 Boeckb.
509 2314 583 2345 Corp.
601 2316 676 2339 inser.
694 2317 713 2340 1.
731 2323 771 2340 no.
782 2315 853 2340 1585.
870 2324 894 2347 p.
907 2316 961 2340 767.

331 2354 362 2386 ¹²)
379 2356 488 2381 Peusan.
506 2355 548 2379 IX.
559 2354 598 2379 34.
608 2354 631 2380 3.
666 2357 697 2380 cf.
716 2357 788 2381 Roas.
807 2357 838 2380 K.
856 2358 885 2381 R.
903 2357 921 2380 1,
940 2356 979 2381 33,
